@Article{HighQualityROICodingForVideoConferencing,
	author = 	 {Manzur Murshed and James Brown.},
	title = 	 {{High Quality Region-of-Interest Coding for Video Conferencing based Remote General Practitioner Training.}},
	journal = 	 {The Fifth International Conference on eHealth, Telemedicine, and Social Medicine},
	year  =   2013
}
@Article{ComparingCodingEfficiency,
	author = 	 {J. Ohm. G. J. Sullivan, H. Schwarz, Thiow Keng Tan and T. Wiegand.},
	title = 	 {{Comparison of the Coding Efficiency of Video Coding Standards-Including High Efficiency Video Coding (HEVC).}},
	journal = 	 {IEEE Transactions on Circuits and Systems for Video Technology},
	year = 	 2012,
	volume =	 22,
	number =	 12
}
@Misc{JVTF086,
	author =	 {Siwei Ma, Wen Gao, Yan Lu and Hanqing Lu.},
	title =	 {{Proposed draft description of rate control on JVT standard.}},
	howpublished = {Joint Video Team (JVT) of ISO/IEC MPEG and ITU-T VCEG (ISO/IEC JTC1/SC29/WG11 and ITU-T SG16 Q.6) 6h Meeting},
	year =	 2002
}

@Article{ROI-background-blurring,
	author = 	 {A. Cavallaro, O. Steiger, T. Ebrahimi.},
	title = 	 {{Semantic video analysis for adaptive content delivery and automatic description.}},
	journal = 	 {IEEE Trans. Circuits Syst. Video Technol.},
	year = 	 2005,
	volume =	 15,
	number =	 10,
	pages =	 {1200-1209}
}
@Article{Perception-model-of-face,
	author = 	 {Mai Xu, Xin Deng, Shengxi Li.},
	title = 	 {{Region-of-Interest Based Conversational HEVC Coding with Hierarchical Perception Model of Face.}},
	journal = 	 {IEEE Journal of Selected Topics in Signal Processing},
	year = 	 2014,
	volume =	 8,
	number =	 3
}
@Article{ROI-bit-allocation-h264,
	author = 	 {G.-L. Wu, Y.-J. Fu, S.-Y. Chien.},
	title = 	 {{Region-based perceptual quality regulable bit allocation and rate control for video coding applications.}},
	journal = 	 {VCIP},
	year = 	 2012
}
@Article{pre-postprocessig-ROI-codec-independent,
	author = 	 {Holger Meuel, Florian Kluger, Jorn Ostermann.},
	title = 	 {{Codec independent region of interest video coding using a joint pre- and postprocessing framework.}},
	journal = 	 {IEEE International Conference on Multimedia and Expo (ICME)},
	year = 	 2016
}
@Article{ROI-MV-based-face-tracking,
	author = 	 {Lin Tong, K.R. Rao.},
	title = 	 {{Region of interest based H.263 compatible codec and its rate control for low bit rate video conferencing.}},
	journal = 	 {Intelligent Signal Processing and Communication Systems},
	year = 	 2005
	pages =	 {249-252}
}
@Misc{InTech-Rate-control-in-video-coding,
	author =	 {Zongze Wu, Shengli Xie1, Kexin Zhang and Rong Wu.},
	title =	 {{Rate Control in Video Coding}},
	howpublished = {\url{http://www.intechopen.com/books/recent-advances-onvideo-coding/rate-control-in-video-coding}},
	year =	 2011
}
@Article{ROI-aerial-surveillance,
	author = 	 {Holger Meuel, Marco Munderloh, Jorn Ostermann.},
	title = 	 {{Low Bit Rate ROI Based Video Coding for HDTV Aerial Surveillance Video Sequences.}},
	journal = 	 {Proc. of the IEEE Conf. on Computer Vision and Pattern Recognition - Workshops (CVPRW)},
	year = 	 2011,
	pages =	 {13-20}
}
@Article{foveated-rate-control,
	author = 	 {S. Lee, A. C. Bovik.},
	title = 	 {{Fast algorithms for foveated video processing.}},
	journal = 	 {IEEE Trans. Circuits Syst. Video Technol.},
	year = 	 2003,
	volume =	 13,
	number =	 2,
	pages =	 {149-161}
}
@Article{ROI-rate-control-H264,
	author = 	 {Fan Li, Na Li.},
	title = 	 {{Region-of-interest based rate control algorithm for H.264/
	AVC video coding.}},
	journal = 	 {Multimed Tools Appl},
	year = 	 2016,
	volume =	 75,
	pages =	 {4163-4186}
}
@Article{h.264-overview,
	author = 	 {Thomas Wiegand, Gary J. Sullivan and Ajay Luthra.},
	title = 	 {{Overview of the H.264/AVC Video Coding Standard.}},
	journal = 	 {IEEE TRANSACTIONS ON CIRCUITS AND SYSTEMS FOR VIDEO TECHNOLOGY},
	year = 	 2003,
	volume =	 13,
	number =	 7
}
@Article{ROI-resource-allocation,
	author = 	 {Y. Liu, Z. G. Li, and Y. C. Soh.},
	title = 	 {{Region-of-Interest Based Resource Allocation for Conversational Video Communication of H.264/AVC.}},
	journal = 	 {IEEE TRANSACTIONS ON CIRCUITS AND SYSTEMS FOR VIDEO TECHNOLOGY},
	year = 	 2008,
	volume =	 18,
	number =	 1
}
@Article{ROI-resource-allocation-rate-control,
	author = 	 {Y. Liu, Z. G. Li, and Y. C. Soh.},
	title = 	 {{A novel rate control scheme for low delay video communication of H.264/AVC standard.}},
	journal = 	 {IEEE Trans. Circuits Syst. Video Technol},
	year = 	 2008,
	volume =	 17,
	number =	 1,
	pages =	 {68-78}
}
@Article{CAM-shift,
	author = 	 {G.R. Bradski.},
	title = 	 {{Real time face and object tracking as a component of a perceptual user interface.}},
	journal = 	 {Applications of Computer Vision, 1998. WACV '98. Proceedings., Fourth IEEE Workshop on},
	year = 	 1998,
	volume =	 17,
	number =	 1,
	pages =	 {214-219}
}
@Article{H264-HEVC-comparison,
	author = 	 {D. Grois,D. Marpe, A. Mulayoff and O. Hadar.},
	title = 	 {{Performance comparison of H.265/MPEG-HEVC, VP9, and H.264/MPEG-AVC encoders.}},
	journal = 	 {Picture Coding Symposium (PCS), 2013},
	year = 	 2013,
	pages =	 {394-397}
}

@Misc{human-vision-proof-NSI,
	author =	 {B. Wandell.},
	title =	 {{Foundations of Vision}},
	howpublished = {Sinauer},
	year =	 1995
}
@Misc{Leaky-bucket-NSI,
	howpublished = {\url{http://www.eenadupratibha.net/pratibha/engineering/content_three_tra_layer_u6.html}}
}

@MISC{Viola01rapidobject,
	author = {Paul Viola and Michael Jones},
	title = {Rapid object detection using a boosted cascade of simple features },
	year = {2001}
}
@Misc{JohnnySrc,
	howpublished = {\url{https://media.xiph.org/video/derf/}}
}


@Article{griswold90,
  author = 	 {Griswold, J. S. and Lightle, T. L. and Lovelady, J. G.},
  title = 	 {{Hurricane Hugo: Effect On State Government Communications.}},
  journal = 	 {IEEE Communications Magazine},
  year = 	 1990,
  volume =	 28,
  number =	 6,
  pages =	 {12-17}
}
@Article{griswold901,
	author = 	 {Griswold, J. S. and Lightle, T. L. and Lovelady, J. G.},
	title = 	 {{Hurricane Hugo: Effect On State Government Communications.}},
	journal = 	 {IEEE Communications Magazine},
	year = 	 1990,
	volume =	 28,
	number =	 6,
	pages =	 {12-17}
}
@Book{eberspaecher97,
  author =	 {Ebersp"acher, J. and V"ogel, H.-J.},
  title = 	 {{GSM - Global System for Mobile Communication. 
        Vermittlung, Dienste und Protokolle in digitalen Mobilfunknetzen.}},
  publisher = 	 {Teubner, Stuttgart},
  year = 	 1997
}

@Misc{arnaud99,
  author =	 {Arnaud, B.~St.},
  title =	 {{Gigabit Internet to every Canadian Home by 2005}},
  howpublished = {\url{http://www.canet2.net/archeng/home.html}},
  year =	 1999
}

